<record><leader>00000cas a22000007a 4500</leader><controlfield tag="001">34605501</controlfield><controlfield tag="008">960420d19221922okuwr n       0    0eng d</controlfield><datafield ind1=" " ind2=" " tag="010"><subfield code="a">sn 96087713 </subfield></datafield><datafield ind1=" " ind2=" " tag="040"><subfield code="a">OBN</subfield><subfield code="b">eng</subfield><subfield code="c">OBN</subfield><subfield code="d">OCLCQ</subfield><subfield code="d">OCLCF</subfield><subfield code="d">OCLCO</subfield></datafield><datafield ind1="1" ind2=" " tag="029"><subfield code="a">AU@</subfield><subfield code="b">000025921556</subfield></datafield><datafield ind1=" " ind2=" " tag="042"><subfield code="a">msc</subfield></datafield><datafield ind1=" " ind2=" " tag="043"><subfield code="a">n-us-ok</subfield></datafield><datafield ind1="0" ind2=" " tag="130"><subfield code="a">Farmers tribune (Lawton, Okla.)</subfield></datafield><datafield ind1="1" ind2="4" tag="245"><subfield code="a">The farmers tribune.</subfield></datafield><datafield ind1=" " ind2=" " tag="260"><subfield code="a">Lawton, Okla. :</subfield><subfield code="b">News-Republican Co.</subfield></datafield><datafield ind1=" " ind2=" " tag="300"><subfield code="a">v.</subfield></datafield><datafield ind1=" " ind2=" " tag="310"><subfield code="a">Weekly</subfield></datafield><datafield ind1="0" ind2=" " tag="362"><subfield code="a">-v. 1, no. 9 (July 2, 1922).</subfield></datafield><datafield ind1="1" ind2=" " tag="362"><subfield code="a">Began in 1922.</subfield></datafield><datafield ind1=" " ind2=" " tag="500"><subfield code="a">"Published every Sunday morning as a supplement to The Lawton News.</subfield></datafield><datafield ind1=" " ind2=" " tag="580"><subfield code="a">Issued with: Lawton news (Lawton, Okla. : 1914).</subfield></datafield><datafield ind1=" " ind2=" " tag="588"><subfield code="a">Description based on: Vol. 1, no. 7 (June 18, 1922).</subfield></datafield><datafield ind1=" " ind2="0" tag="651"><subfield code="a">Lawton (Okla.)</subfield><subfield code="v">Newspapers.</subfield></datafield><datafield ind1=" " ind2="0" tag="651"><subfield code="a">Comanche County (Okla.)</subfield><subfield code="v">Newspapers.</subfield></datafield><datafield ind1=" " ind2="7" tag="655"><subfield code="a">Newspapers.</subfield><subfield code="2">fast</subfield><subfield code="0">(OCoLC)fst01423814</subfield></datafield><datafield ind1=" " ind2="7" tag="651"><subfield code="a">Oklahoma</subfield><subfield code="z">Comanche County.</subfield><subfield code="2">fast</subfield><subfield code="0">(OCoLC)fst01218116</subfield></datafield><datafield ind1=" " ind2="7" tag="651"><subfield code="a">Oklahoma</subfield><subfield code="z">Lawton.</subfield><subfield code="2">fast</subfield><subfield code="0">(OCoLC)fst01217418</subfield></datafield><datafield ind1=" " ind2=" " tag="752"><subfield code="a">United States</subfield><subfield code="b">Oklahoma</subfield><subfield code="c">Comanche</subfield><subfield code="d">Lawton.</subfield></datafield><datafield ind1="0" ind2=" " tag="777"><subfield code="t">Lawton news (Lawton, Okla. : 1914)</subfield><subfield code="w">(DLC)sn 86064096</subfield></datafield></record>